@article{hopkins,
    author =       "Hopkins, Brian and Wilson, Robin",
    title =        "{T}he {T}ruth about {K}{\"o}nigsberg",
    journal =      "College Mathematics Journal",
    volume =       "35",
    month =		   "5",
    pages =        "198--207",
    year =         "2004",
    url =          "https://www.maa.org/sites/default/files/pdf/upload_library/22/Polya/hopkins.pdf",
    urldate = 	   "2017-04-29"
}

@techreport{bernard,
    author    = "Mohammed, S. and Bernard, M.",
    title     = "{G}raph {F}ile {F}ormats",
    institution = "Department of Mathematics {and} Computer Science, The University of the West Indies",
    address  = "Mona, Kingston, Jamajka",
    year      = "2004",
    url =		"http://www2.sta.uwi.edu/~mbernard/research_files/fileformats.pdf",
    urldate = 	   "2017-04-29"
}

@online{gephi,
  author = "Gephi",
  organization = "The Gephi Consortium",
  title = "{S}upported {G}raph {F}ormats",
  url = "https://gephi.org/users/supported-graph-formats/",
  urldate = "2017-04-29"
}

@online{mathex,
  author = "Mathematics Stack Exchange",
  organization = "Stack Overflow",
  title = "{O}nline tool for making graphs (vertices and edges)",
  url = "https://math.stackexchange.com/questions/13841/online-tool-for-making-graphs-vertices-and-edges",
  urldate = "2017-05-02"
}

@book{wilson,
	author = "Wilson, Robin J.",
	title = "Wprowadzenie do teorii grafów",
	edition = "2",
	publisher = "Wydawnictwo Naukowe PWN",
	address = "Warszawa",
	year = "2007",
	ISBN = "978-83-01-15066-2"
}

@book{ross,
	author = "Ross, Kenneth A. and Wright, Charles R.B.",
	title = "Matematyka dyskretna",
	edition = "5",
	publisher = "Wydawnictwo Naukowe PWN",
	address = "Warszawa",
	year = "2008",
	ISBN = "978-83-01-14380-0"
}

@book{banachowski,
	author = "Banachowski, Lech and Diks, Krzysztof and Rytter, Wojciech",
	title = "Algorytmy i struktury danych",
	edition = "2",
	publisher = "Wydawnictwa Naukowo-Techniczne",
	address = "Warszawa",
	year = "1999",
	ISBN = "83-204-2403-8"
}

@book{cormen,
	author = "Cormen, Thomas H. and Leiserson, Charles E. and Rivest, Ronald L. and Stein, Clifford",
	title = "Wprowadzenie do algorytmów",
	edition = "7",
	publisher = "Wydawnictwo Naukowe PWN",
	address = "Warszawa",
	year = "2013",
	ISBN = "978-83-01-16911-4"
}

@book{wilson-beineke,
	author = "Wilson, Robin J. and Beineke, Lowell W.",
	title = "{A}pplications of {G}raph {T}heory",
	publisher = "Academic Press",
	address = "London",
	year = "1975",
	ISBN = "0-12-757840-4"
}

@online{linkurious,
  author = "Linkurious",
  organization = "Linkurious SAS",
  title = "Find hidden insights in your graph data",
  url = "http://linkurio.us/product/",
  urldate = "2017-05-16"
}

@online{mathex-desktop,
  author = "Mathematics Stack Exchange",
  organization = "Stack Overflow",
  title = "{G}raph theory software",
  url = "https://math.stackexchange.com/questions/58973/graph-theory-software",
  urldate = "2017-05-16"
}

@book{bondy,
	author = "Bondy, J. A. and Murty, U. S. R.",
	title = "{G}raph {T}heory with {A}pplications",
	edition = "5",
	publisher = "Elsevier Science Ltd/North-Holland",
	year = "1982",
	ISBN = "0-444-19451-7"
}

@article{henzinger,
    author =       "Henzinger, Monika R. and Klein, Philip and Rao, Satish and Subramanian, Sairam",
    title =        "{F}aster {S}hortest-{P}ath {A}lgorithms for {P}lanar {G}raphs",
    journal =      "Journal of Computer and System Sciences",
    volume =       "55",
    month =		   "8",
    pages =        "3--23",
    year =         "1997",
    url =          "http://www.sciencedirect.com/science/article/pii/S0022000097914938",
    urldate = 	   "2017-05-18"
}

@article{dharwadker,
    author =       "Pirzada, Shariefuddin and Dharwadker, Ashay",
    title = 	   "{A}pplications of {G}raph {T}heory",
    journal =      "Journal of The Korean Society for Industrial and Applied Mathematics",
    volume =       "11",
    month =		   "4",
    pages =        "19--38",
    year =         "2007",
    url =          "http://www.dharwadker.org/graph_theory_applications.pdf",
    urldate = 	   "2017-05-19"
}

@article{gutman,
    author =       "Gutman, Ivan",
    title = 	   "The chemical formula $C_nH_{2n+2}$ and its mathematical background",
    journal =      "The Teaching of Mathematics",
    volume =       "11",
    month =		   "2",
    pages =        "53--61",
    year =         "2008",
    url =          "http://elib.mi.sanu.ac.rs/files/journals/tm/21/tm1121.pdf",
    urldate = 	   "2017-05-22"
}

@book{aldous,
	author = "Aldous, Joan M. and Wilson, Robin J.",
	title = "{G}raphs and {A}pplications: {A}n {I}ntroductory {A}pproach",
	edition = "1",
	publisher = "Springer-Verlag London",
	year = "2000",
	ISBN = "978-1-85233-259-4"
}

@online{cytoscape,
  author = "Max Franz",
  organization = "Cytoscape Consortium",
  title = "Cytoscape.js",
  url = "http://js.cytoscape.org/",
  urldate = "2017-05-24"
}

@article{franz,
    author =       "Franz, Max and Lopes, Christian T. and Huck, Gerardo and Dong, Yue and Sumer, Onur and Bader, Gary D.",
    title = 	   "Cytoscape.js: a graph theory library for visualisation and analysis",
    journal =      "Bioinformatics",
    volume =       "32",
    number =	   "2",
    pages =        "309--311",
    year =         "2016",
    url =          "http://dx.doi.org/10.1093/bioinformatics/btv557",
    urldate = 	   "2017-05-24"
}

@online{nielsen,
  author = "Nielsen, Jakob",
  organization = "Nielsen Norman Group",
  title = "{U}sability 101: {I}ntroduction to {U}sability",
  date = "2012-01-04",
  url = "https://www.nngroup.com/articles/usability-101-introduction-to-usability/",
  urldate = "2017-06-12"
}

@online{graphml,
  author = "GraphML Working Group",
  organization = "Graph Drawing",
  title = "{About GraphML}",
  url = "http://graphml.graphdrawing.org/about.html",
  urldate = "2017-06-13"
}

